
<marc:record><marc:leader>01062nam a2200325 a 4500</marc:leader>
<marc:controlfield tag="001">990170226490107026</marc:controlfield>
<marc:controlfield tag="003">UkOxU</marc:controlfield><marc:controlfield tag="005">20240119154820.0</marc:controlfield><marc:controlfield tag="008">051216r20062005enk           000 1 eng  </marc:controlfield><marc:datafield tag="015" ind1=" " ind2=" "><marc:subfield code="a">GBA616326</marc:subfield><marc:subfield code="2">bnb</marc:subfield></marc:datafield><marc:datafield tag="020" ind1=" " ind2=" "><marc:subfield code="a">0099474662 (pbk.) :</marc:subfield><marc:subfield code="c">£6.99</marc:subfield></marc:datafield><marc:datafield tag="035" ind1=" " ind2=" "><marc:subfield code="a">(IeDuTC)b14325969</marc:subfield></marc:datafield><marc:datafield tag="035" ind1=" " ind2=" "><marc:subfield code="a">(UkLCURL)08b14325969</marc:subfield></marc:datafield><marc:datafield tag="035" ind1=" " ind2=" "><marc:subfield code="a">(UkOxU)017022649</marc:subfield></marc:datafield><marc:datafield tag="035" ind1=" " ind2=" "><marc:subfield code="a">(UkOxU)017022649BIB01</marc:subfield></marc:datafield><marc:datafield tag="038" ind1=" " ind2=" "><marc:subfield code="a">Uk</marc:subfield></marc:datafield><marc:datafield tag="040" ind1=" " ind2=" "><marc:subfield code="a">StDuBDS</marc:subfield><marc:subfield code="d">UkOxU</marc:subfield></marc:datafield><marc:datafield tag="041" ind1="1" ind2=" "><marc:subfield code="a">eng</marc:subfield><marc:subfield code="h">nor</marc:subfield></marc:datafield><marc:datafield tag="082" ind1="0" ind2="4"><marc:subfield code="a">839.82374</marc:subfield><marc:subfield code="2">22</marc:subfield></marc:datafield><marc:datafield tag="090" ind1=" " ind2=" "><marc:subfield code="a">TCD</marc:subfield><marc:subfield code="b">PB-265-587</marc:subfield></marc:datafield><marc:datafield tag="100" ind1="1" ind2=" "><marc:subfield code="a">Fossum, Karin,</marc:subfield><marc:subfield code="d">1954-</marc:subfield></marc:datafield><marc:datafield tag="240" ind1="1" ind2="0"><marc:subfield code="a">Elskede poona.</marc:subfield><marc:subfield code="l">English.</marc:subfield></marc:datafield><marc:datafield tag="245" ind1="1" ind2="0"><marc:subfield code="a">Calling out for you! /</marc:subfield><marc:subfield code="c">Karin Fossum ; translated from the Norwegian by Charlotte Barslund.</marc:subfield></marc:datafield><marc:datafield tag="260" ind1=" " ind2=" "><marc:subfield code="a">London :</marc:subfield><marc:subfield code="b">Vintage,</marc:subfield><marc:subfield code="c">2006.</marc:subfield></marc:datafield><marc:datafield tag="300" ind1=" " ind2=" "><marc:subfield code="a">387 p. ;</marc:subfield><marc:subfield code="c">18 cm.</marc:subfield></marc:datafield><marc:datafield tag="490" ind1="1" ind2=" "><marc:subfield code="a">An Inspector Sejer mystery</marc:subfield></marc:datafield><marc:datafield tag="500" ind1=" " ind2=" "><marc:subfield code="a">This translation originally published: London: Harvill, 2005.</marc:subfield></marc:datafield><marc:datafield tag="600" ind1="1" ind2="0"><marc:subfield code="a">Sejer, Konrad</marc:subfield><marc:subfield code="c">(Fictitious character)</marc:subfield><marc:subfield code="v">Fiction.</marc:subfield></marc:datafield><marc:datafield tag="650" ind1=" " ind2="0"><marc:subfield code="a">Police</marc:subfield><marc:subfield code="z">Norway</marc:subfield><marc:subfield code="v">Fiction.</marc:subfield></marc:datafield><marc:datafield tag="800" ind1="1" ind2=" "><marc:subfield code="a">Fossum, Karin,</marc:subfield><marc:subfield code="d">1954-</marc:subfield><marc:subfield code="t">Inspector Sejer mystery</marc:subfield></marc:datafield></marc:record>