
<marc:record><marc:leader>00964pam a2200301 a 4500</marc:leader>
<marc:controlfield tag="001">990177900760107026</marc:controlfield>
<marc:controlfield tag="003">UkOxU</marc:controlfield><marc:controlfield tag="005">20240617104627.0</marc:controlfield><marc:controlfield tag="008">110217s2011    enk           000 f eng|d</marc:controlfield><marc:datafield tag="015" ind1=" " ind2=" "><marc:subfield code="a">GBB131842</marc:subfield><marc:subfield code="2">bnb</marc:subfield></marc:datafield><marc:datafield tag="020" ind1=" " ind2=" "><marc:subfield code="a">1846553938 (pbk.) :</marc:subfield><marc:subfield code="c">£11.99</marc:subfield></marc:datafield><marc:datafield tag="020" ind1=" " ind2=" "><marc:subfield code="a">9781846553936 (pbk.) :</marc:subfield><marc:subfield code="c">£11.99</marc:subfield></marc:datafield><marc:datafield tag="035" ind1=" " ind2=" "><marc:subfield code="a">(Uk)015767947</marc:subfield></marc:datafield><marc:datafield tag="035" ind1=" " ind2=" "><marc:subfield code="a">(UkOxU)017790076</marc:subfield></marc:datafield><marc:datafield tag="035" ind1=" " ind2=" "><marc:subfield code="a">(UkOxU)017790076BIB01</marc:subfield></marc:datafield><marc:datafield tag="040" ind1=" " ind2=" "><marc:subfield code="a">StDuBDS</marc:subfield><marc:subfield code="b">eng</marc:subfield><marc:subfield code="c">StDuBDS</marc:subfield><marc:subfield code="d">Uk</marc:subfield><marc:subfield code="d">UkOxU</marc:subfield></marc:datafield><marc:datafield tag="041" ind1="1" ind2=" "><marc:subfield code="a">eng</marc:subfield><marc:subfield code="h">nor</marc:subfield></marc:datafield><marc:datafield tag="042" ind1=" " ind2=" "><marc:subfield code="a">ukblcatcopy</marc:subfield></marc:datafield><marc:datafield tag="082" ind1="0" ind2="4"><marc:subfield code="a">839.8238</marc:subfield><marc:subfield code="2">22</marc:subfield></marc:datafield><marc:datafield tag="100" ind1="1" ind2=" "><marc:subfield code="a">Fossum, Karin,</marc:subfield><marc:subfield code="d">1954-</marc:subfield></marc:datafield><marc:datafield tag="245" ind1="1" ind2="4"><marc:subfield code="a">The caller /</marc:subfield><marc:subfield code="c">Karin Fossum ; translated from the Norwegian by K.E. Semmel.</marc:subfield></marc:datafield><marc:datafield tag="260" ind1=" " ind2=" "><marc:subfield code="a">London :</marc:subfield><marc:subfield code="b">Harvill Secker,</marc:subfield><marc:subfield code="c">2011.</marc:subfield></marc:datafield><marc:datafield tag="300" ind1=" " ind2=" "><marc:subfield code="a">296 p. ;</marc:subfield><marc:subfield code="c">24 cm.</marc:subfield></marc:datafield><marc:datafield tag="500" ind1=" " ind2=" "><marc:subfield code="a">Formerly CIP.</marc:subfield><marc:subfield code="5">Uk</marc:subfield></marc:datafield><marc:datafield tag="546" ind1=" " ind2=" "><marc:subfield code="a">Translated from the Norwegian.</marc:subfield></marc:datafield><marc:datafield tag="600" ind1="1" ind2="0"><marc:subfield code="a">Sejer, Konrad</marc:subfield><marc:subfield code="c">(Fictitious character)</marc:subfield><marc:subfield code="v">Fiction.</marc:subfield></marc:datafield><marc:datafield tag="650" ind1=" " ind2="0"><marc:subfield code="a">Police</marc:subfield><marc:subfield code="z">Norway</marc:subfield><marc:subfield code="v">Fiction.</marc:subfield></marc:datafield><marc:datafield tag="655" ind1=" " ind2="7"><marc:subfield code="a">Detective and mystery fiction.</marc:subfield><marc:subfield code="2">lcgft</marc:subfield></marc:datafield></marc:record>