
<marc:record><marc:leader>01092nam a22003371i 4500</marc:leader>
<marc:controlfield tag="001">990197242830107026</marc:controlfield>
<marc:controlfield tag="003">UkOxU</marc:controlfield><marc:controlfield tag="005">20240617101327.0</marc:controlfield><marc:controlfield tag="008">140306r20142013enk           000 f eng|d</marc:controlfield><marc:datafield tag="015" ind1=" " ind2=" "><marc:subfield code="a">GBB446639</marc:subfield><marc:subfield code="2">bnb</marc:subfield></marc:datafield><marc:datafield tag="016" ind1="7" ind2=" "><marc:subfield code="a">016707429</marc:subfield><marc:subfield code="2">Uk</marc:subfield></marc:datafield><marc:datafield tag="020" ind1=" " ind2=" "><marc:subfield code="a">9780099571834 (pbk.) :</marc:subfield><marc:subfield code="c">£7.99</marc:subfield></marc:datafield><marc:datafield tag="035" ind1=" " ind2=" "><marc:subfield code="a">(Uk)016707429</marc:subfield></marc:datafield><marc:datafield tag="035" ind1=" " ind2=" "><marc:subfield code="a">(UkOxU)019724283</marc:subfield></marc:datafield><marc:datafield tag="035" ind1=" " ind2=" "><marc:subfield code="a">(UkOxU)019724283BIB01</marc:subfield></marc:datafield><marc:datafield tag="040" ind1=" " ind2=" "><marc:subfield code="a">StDuBDS</marc:subfield><marc:subfield code="b">eng</marc:subfield><marc:subfield code="e">rda</marc:subfield><marc:subfield code="c">StDuBDS</marc:subfield><marc:subfield code="d">Uk</marc:subfield><marc:subfield code="d">UkOxU</marc:subfield></marc:datafield><marc:datafield tag="041" ind1="1" ind2=" "><marc:subfield code="a">eng</marc:subfield><marc:subfield code="h">nor</marc:subfield></marc:datafield><marc:datafield tag="042" ind1=" " ind2=" "><marc:subfield code="a">ukblsr</marc:subfield></marc:datafield><marc:datafield tag="082" ind1="0" ind2="4"><marc:subfield code="a">839.8238</marc:subfield><marc:subfield code="2">23</marc:subfield></marc:datafield><marc:datafield tag="100" ind1="1" ind2=" "><marc:subfield code="a">Fossum, Karin,</marc:subfield><marc:subfield code="d">1954-</marc:subfield><marc:subfield code="e">author.</marc:subfield></marc:datafield><marc:datafield tag="240" ind1="1" ind2="0"><marc:subfield code="a">Jeg kan se i mørket.</marc:subfield><marc:subfield code="l">English</marc:subfield></marc:datafield><marc:datafield tag="245" ind1="1" ind2="0"><marc:subfield code="a">I can see in the dark /</marc:subfield><marc:subfield code="c">Karin Fossum ; translated from the Norwegian by James Anderson.</marc:subfield></marc:datafield><marc:datafield tag="264" ind1=" " ind2="1"><marc:subfield code="a">London :</marc:subfield><marc:subfield code="b">Vintage Books,</marc:subfield><marc:subfield code="c">2014.</marc:subfield></marc:datafield><marc:datafield tag="300" ind1=" " ind2=" "><marc:subfield code="a">250 pages ;</marc:subfield><marc:subfield code="c">20 cm</marc:subfield></marc:datafield><marc:datafield tag="336" ind1=" " ind2=" "><marc:subfield code="a">text</marc:subfield><marc:subfield code="2">rdacontent</marc:subfield></marc:datafield><marc:datafield tag="337" ind1=" " ind2=" "><marc:subfield code="a">unmediated</marc:subfield><marc:subfield code="2">rdamedia</marc:subfield></marc:datafield><marc:datafield tag="338" ind1=" " ind2=" "><marc:subfield code="a">volume</marc:subfield><marc:subfield code="2">rdacarrier</marc:subfield></marc:datafield><marc:datafield tag="500" ind1=" " ind2=" "><marc:subfield code="a">Formerly CIP.</marc:subfield><marc:subfield code="5">Uk</marc:subfield></marc:datafield><marc:datafield tag="500" ind1=" " ind2=" "><marc:subfield code="a">Originally published: London: Harvill Secker, 2013.</marc:subfield></marc:datafield><marc:datafield tag="655" ind1=" " ind2="0"><marc:subfield code="a">Detective and mystery fiction.</marc:subfield></marc:datafield><marc:datafield tag="700" ind1="1" ind2=" "><marc:subfield code="a">Anderson, James</marc:subfield><marc:subfield code="c">(Translator)</marc:subfield><marc:subfield code="e">translator.</marc:subfield></marc:datafield></marc:record>