
<marc:record><marc:leader>02734aam a22006611a 4500</marc:leader>
<marc:controlfield tag="001">991007892719707026</marc:controlfield>
<marc:controlfield tag="003">UkOxU</marc:controlfield><marc:controlfield tag="005">20240617101655.0</marc:controlfield><marc:controlfield tag="006">m    ||  d |      </marc:controlfield><marc:controlfield tag="007">cr |||||||||||</marc:controlfield><marc:controlfield tag="008">121202s2009    mau     o     000 1 eng  </marc:controlfield><marc:datafield tag="015" ind1=" " ind2=" "><marc:subfield code="a">GBB7I2620</marc:subfield><marc:subfield code="2">bnb</marc:subfield></marc:datafield><marc:datafield tag="020" ind1=" " ind2=" "><marc:subfield code="a">0547488661</marc:subfield></marc:datafield><marc:datafield tag="020" ind1=" " ind2=" "><marc:subfield code="a">1409078868</marc:subfield><marc:subfield code="q">(electronic bk.)</marc:subfield></marc:datafield><marc:datafield tag="020" ind1=" " ind2=" "><marc:subfield code="a">9780547488660</marc:subfield></marc:datafield><marc:datafield tag="020" ind1=" " ind2=" "><marc:subfield code="a">9781409078869</marc:subfield><marc:subfield code="q">(electronic bk.)</marc:subfield></marc:datafield><marc:datafield tag="020" ind1=" " ind2=" "><marc:subfield code="z">9780151014217</marc:subfield></marc:datafield><marc:datafield tag="035" ind1=" " ind2=" "><marc:subfield code="a">(Uk)018528932</marc:subfield></marc:datafield><marc:datafield tag="035" ind1=" " ind2=" "><marc:subfield code="a">(UkOxU)021007503</marc:subfield><marc:subfield code="9">ExL</marc:subfield></marc:datafield><marc:datafield tag="035" ind1=" " ind2=" "><marc:subfield code="a">021007503-44oxf_inst</marc:subfield></marc:datafield><marc:datafield tag="037" ind1=" " ind2=" "><marc:subfield code="a">TheRandomHouseGroup147131</marc:subfield><marc:subfield code="b">Ingram Content Group</marc:subfield></marc:datafield><marc:datafield tag="040" ind1=" " ind2=" "><marc:subfield code="a">AU@</marc:subfield><marc:subfield code="b">eng</marc:subfield><marc:subfield code="e">pn</marc:subfield><marc:subfield code="c">AU@</marc:subfield><marc:subfield code="d">OCLCF</marc:subfield><marc:subfield code="d">OCLCO</marc:subfield><marc:subfield code="d">E7B</marc:subfield><marc:subfield code="d">YDXCP</marc:subfield><marc:subfield code="d">OCLCO</marc:subfield><marc:subfield code="d">EBLCP</marc:subfield><marc:subfield code="d">OCLCQ</marc:subfield><marc:subfield code="d">OCLCO</marc:subfield><marc:subfield code="d">OCL</marc:subfield><marc:subfield code="d">OCLCO</marc:subfield><marc:subfield code="d">B@L</marc:subfield><marc:subfield code="d">Uk</marc:subfield><marc:subfield code="d">UkOxU</marc:subfield></marc:datafield><marc:datafield tag="041" ind1="1" ind2=" "><marc:subfield code="a">eng</marc:subfield><marc:subfield code="h">nor</marc:subfield></marc:datafield><marc:datafield tag="042" ind1=" " ind2=" "><marc:subfield code="a">ukblsr</marc:subfield></marc:datafield><marc:datafield tag="050" ind1=" " ind2="4"><marc:subfield code="a">PT8951.16.O735</marc:subfield><marc:subfield code="b">D4513 2009eb</marc:subfield></marc:datafield><marc:datafield tag="072" ind1=" " ind2="7"><marc:subfield code="a">FIC022000</marc:subfield><marc:subfield code="2">bisacsh</marc:subfield></marc:datafield><marc:datafield tag="072" ind1=" " ind2="7"><marc:subfield code="a">FIC030000</marc:subfield><marc:subfield code="2">bisacsh</marc:subfield></marc:datafield><marc:datafield tag="082" ind1="0" ind2="4"><marc:subfield code="a">839.8/238</marc:subfield><marc:subfield code="2">22</marc:subfield></marc:datafield><marc:datafield tag="100" ind1="1" ind2=" "><marc:subfield code="a">Fossum, Karin,</marc:subfield><marc:subfield code="d">1954-</marc:subfield></marc:datafield><marc:datafield tag="240" ind1="1" ind2="0"><marc:subfield code="a">Den som elsker noe annet.</marc:subfield><marc:subfield code="l">English</marc:subfield></marc:datafield><marc:datafield tag="245" ind1="1" ind2="4"><marc:subfield code="a">The water's edge</marc:subfield><marc:subfield code="h">[eBook] /</marc:subfield><marc:subfield code="c">Karin Fossum ; translated from the Norwegian by Charlotte Barslund.</marc:subfield></marc:datafield><marc:datafield tag="260" ind1=" " ind2=" "><marc:subfield code="a">Boston :</marc:subfield><marc:subfield code="b">Houghton Mifflin Harcourt,</marc:subfield><marc:subfield code="c">©2009.</marc:subfield></marc:datafield><marc:datafield tag="300" ind1=" " ind2=" "><marc:subfield code="a">1 online resource.</marc:subfield></marc:datafield><marc:datafield tag="336" ind1=" " ind2=" "><marc:subfield code="a">text</marc:subfield><marc:subfield code="2">rdacontent</marc:subfield></marc:datafield><marc:datafield tag="337" ind1=" " ind2=" "><marc:subfield code="a">computer</marc:subfield><marc:subfield code="2">rdamedia</marc:subfield></marc:datafield><marc:datafield tag="338" ind1=" " ind2=" "><marc:subfield code="a">online resource</marc:subfield><marc:subfield code="2">rdacarrier</marc:subfield></marc:datafield><marc:datafield tag="500" ind1=" " ind2=" "><marc:subfield code="a">&quot;First published with the title Den som elsker noe annet in 2007 by J.W. Cappelens Forlag AS, Oslo&quot;--Title page verso.</marc:subfield></marc:datafield><marc:datafield tag="500" ind1=" " ind2=" "><marc:subfield code="a">Academic</marc:subfield></marc:datafield><marc:datafield tag="500" ind1=" " ind2=" "><marc:subfield code="a">Electronic book.</marc:subfield></marc:datafield><marc:datafield tag="506" ind1="1" ind2=" "><marc:subfield code="a">Legal Deposit;</marc:subfield><marc:subfield code="c">Only available on premises controlled by the deposit library and to one user at any one time;</marc:subfield><marc:subfield code="e">The Legal Deposit Libraries (Non-Print Works) Regulations (UK).</marc:subfield><marc:subfield code="5">UkOxU</marc:subfield></marc:datafield><marc:datafield tag="540" ind1=" " ind2=" "><marc:subfield code="a">Restricted: Printing from this resource is governed by The Legal Deposit Libraries (Non-Print Works) Regulations (UK) and UK copyright law currently in force.</marc:subfield><marc:subfield code="5">UkOxU</marc:subfield></marc:datafield><marc:datafield tag="588" ind1=" " ind2=" "><marc:subfield code="a">Description based on print version record.</marc:subfield></marc:datafield><marc:datafield tag="650" ind1=" " ind2="0"><marc:subfield code="a">Murder</marc:subfield><marc:subfield code="x">Investigation</marc:subfield><marc:subfield code="v">Fiction.</marc:subfield></marc:datafield><marc:datafield tag="650" ind1=" " ind2="0"><marc:subfield code="a">Sejer, Konrad (Fictitious character)</marc:subfield><marc:subfield code="v">Fiction.</marc:subfield></marc:datafield><marc:datafield tag="650" ind1=" " ind2="4"><marc:subfield code="a">Detective and mystery stories.</marc:subfield></marc:datafield><marc:datafield tag="650" ind1=" " ind2="7"><marc:subfield code="a">FICTION / Crime</marc:subfield><marc:subfield code="2">bisacsh</marc:subfield></marc:datafield><marc:datafield tag="650" ind1=" " ind2="7"><marc:subfield code="a">Murder</marc:subfield><marc:subfield code="x">Investigation.</marc:subfield><marc:subfield code="2">fast</marc:subfield><marc:subfield code="0">(OCoLC)fst01029788</marc:subfield></marc:datafield><marc:datafield tag="650" ind1=" " ind2="7"><marc:subfield code="a">Mystery &amp; Detective.</marc:subfield><marc:subfield code="2">bisacsh</marc:subfield></marc:datafield><marc:datafield tag="650" ind1=" " ind2="7"><marc:subfield code="a">Sejer, Konrad (Fictitious character)</marc:subfield><marc:subfield code="2">fast</marc:subfield><marc:subfield code="0">(OCoLC)fst01736932</marc:subfield></marc:datafield><marc:datafield tag="650" ind1=" " ind2="7"><marc:subfield code="a">Suspense.</marc:subfield><marc:subfield code="2">bisacsh</marc:subfield></marc:datafield><marc:datafield tag="651" ind1=" " ind2="0"><marc:subfield code="a">Norway</marc:subfield><marc:subfield code="v">Fiction.</marc:subfield></marc:datafield><marc:datafield tag="651" ind1=" " ind2="7"><marc:subfield code="a">Norway.</marc:subfield><marc:subfield code="2">fast</marc:subfield><marc:subfield code="0">(OCoLC)fst01204556</marc:subfield></marc:datafield><marc:datafield tag="655" ind1=" " ind2="0"><marc:subfield code="a">Electronic books.</marc:subfield></marc:datafield><marc:datafield tag="655" ind1=" " ind2="4"><marc:subfield code="a">Electronic books.</marc:subfield></marc:datafield><marc:datafield tag="655" ind1=" " ind2="7"><marc:subfield code="a">Fiction.</marc:subfield><marc:subfield code="2">fast</marc:subfield><marc:subfield code="0">(OCoLC)fst01423787</marc:subfield></marc:datafield><marc:datafield tag="700" ind1="1" ind2=" "><marc:subfield code="a">Barslund, Charlotte.</marc:subfield></marc:datafield><marc:datafield tag="856" ind1="4" ind2="0"><marc:subfield code="3">Electronic Legal Deposit</marc:subfield><marc:subfield code="u">http://eld.bodleian.ox.ac.uk/vdc_100049002319.0x000001</marc:subfield></marc:datafield><marc:datafield tag="859" ind1=" " ind2=" "><marc:subfield code="a">ELD</marc:subfield><marc:subfield code="b">ebook</marc:subfield></marc:datafield></marc:record>